<record><leader>00000cas a2200000 a 4500</leader><controlfield tag="001">11950330</controlfield><controlfield tag="008">850423d18601860ohuwr ne      0    0eng c</controlfield><datafield ind1=" " ind2=" " tag="010"><subfield code="a">sn 85025854 </subfield></datafield><datafield ind1=" " ind2=" " tag="040"><subfield code="a">NPX</subfield><subfield code="b">eng</subfield><subfield code="c">NPX</subfield><subfield code="d">ONP</subfield><subfield code="d">KNP</subfield><subfield code="d">ONP</subfield><subfield code="d">NVF</subfield><subfield code="d">CVF</subfield><subfield code="d">OCL</subfield><subfield code="d">OCLCG</subfield><subfield code="d">OCLCA</subfield><subfield code="d">OCLCQ</subfield><subfield code="d">OCLCO</subfield><subfield code="d">OCLCA</subfield></datafield><datafield ind1="1" ind2=" " tag="029"><subfield code="a">AU@</subfield><subfield code="b">000004331603</subfield></datafield><datafield ind1=" " ind2=" " tag="042"><subfield code="a">pcc</subfield></datafield><datafield ind1=" " ind2=" " tag="043"><subfield code="a">n-us-oh</subfield><subfield code="a">n-us---</subfield></datafield><datafield ind1="0" ind2="0" tag="245"><subfield code="a">Campaign plain dealer. And popular sovereignty advocate.</subfield></datafield><datafield ind1="1" ind2="3" tag="246"><subfield code="a">Pictorial plain dealer for the presidential campaign</subfield></datafield><datafield ind1="3" ind2="0" tag="246"><subfield code="a">Popular sovereignty advocate</subfield></datafield><datafield ind1=" " ind2=" " tag="260"><subfield code="a">Cleveland, Ohio :</subfield><subfield code="b">J.W. Gray,</subfield><subfield code="c">1860.</subfield></datafield><datafield ind1=" " ind2=" " tag="300"><subfield code="a">v.</subfield></datafield><datafield ind1=" " ind2=" " tag="310"><subfield code="a">Weekly</subfield></datafield><datafield ind1="0" ind2=" " tag="362"><subfield code="a">No. 1 (June 30, 1860)-no. 20 (Nov. 17, 1860).</subfield></datafield><datafield ind1=" " ind2=" " tag="500"><subfield code="a">National Democratic campaign paper.</subfield></datafield><datafield ind1=" " ind2=" " tag="515"><subfield code="a">Not published Nov. 10, 1860.</subfield></datafield><datafield ind1="1" ind2="0" tag="600"><subfield code="a">Douglas, Stephen A.</subfield><subfield code="q">(Stephen Arnold),</subfield><subfield code="d">1813-1861.</subfield></datafield><datafield ind1=" " ind2="0" tag="650"><subfield code="a">Campaign literature, 1860</subfield><subfield code="x">Democrat</subfield><subfield code="z">Ohio</subfield><subfield code="v">Newspapers.</subfield></datafield><datafield ind1=" " ind2="0" tag="650"><subfield code="a">Presidential candidates</subfield><subfield code="z">United States</subfield><subfield code="v">Newspapers.</subfield></datafield><datafield ind1=" " ind2="0" tag="651"><subfield code="a">Cleveland (Ohio)</subfield><subfield code="v">Newspapers.</subfield></datafield><datafield ind1=" " ind2="0" tag="651"><subfield code="a">Cuyahoga County (Ohio)</subfield><subfield code="v">Newspapers.</subfield></datafield><datafield ind1="2" ind2=" " tag="710"><subfield code="a">Democratic Party (Ohio)</subfield></datafield><datafield ind1=" " ind2=" " tag="752"><subfield code="a">United States</subfield><subfield code="b">Ohio</subfield><subfield code="c">Cuyahoga</subfield><subfield code="d">Cleveland.</subfield></datafield><datafield ind1="0" ind2=" " tag="775"><subfield code="t">Cleveland weekly plain dealer (Cleveland, Ohio : 1854)</subfield><subfield code="w">(DLC)sn 83035334</subfield></datafield><datafield ind1="0" ind2=" " tag="775"><subfield code="t">Cleveland daily plain dealer (Cleveland, Ohio : 1845)</subfield><subfield code="w">(DLC)sn 83045521</subfield></datafield><datafield ind1="0" ind2=" " tag="775"><subfield code="t">Cleveland plain dealer (Cleveland, Ohio : 1855)</subfield><subfield code="w">(DLC)sn 85042436</subfield></datafield></record>